% Encoding: UTF-8

@TechReport{degeval2008,
  author      = {DeGEval},
  title       = {Standards für Evaluation},
  institution = {DeGEval - Gesellschaft für Evaluation e. V.},
  year        = {2008},
  url         = {https://www.degeval.org/fileadmin/user_upload/Sonstiges/STANDARDS_2008-12.pdf},
  file        = {:- Standards Für Evaluation.pdf:PDF},
  keywords    = {internet},
}

@TechReport{Hegner2003,
  author      = {Marcus Hegner},
  title       = {Methoden zur Evaluation von Software},
  institution = {IZ, InformationsZentrum Sozialwissenschaft},
  year        = {2003},
  number      = {29},
  address     = {Bonn},
  ppn_gvk     = {369008855},
  series      = {IZ-Arbeitsbericht},
}

@Article{Lai1999,
  author  = {Vincent S. Lai and Robert P. Trueblood and Bo K. Wong},
  title   = {Software selection: a case study of the application of the analytical hierarchical process to the selection of a multimedia authoring system},
  journal = {Information \& Management},
  year    = {1999},
  volume  = {36},
  pages   = {221-232},
  issn    = {0378-7206},
  doi     = {10.1016/s0378-7206(99)00021-x},
}

@Article{Jadhav2011,
  author    = {Anil S. Jadhav and Rajendra M. Sonar},
  title     = {Framework for evaluation and selection of the software packages: A hybrid knowledge based system approach},
  journal   = {Journal of Systems and Software},
  year      = {2011},
  volume    = {84},
  number    = {8},
  pages     = {1394--1407},
  issn      = {0164-1212},
  doi       = {10.1016/j.jss.2011.03.034},
  publisher = {Elsevier},
}

@Misc{Geldermann2014,
  author   = {Jutta Geldermann and Nils Lerche},
  title    = {Leitfaden zur Anwendung von Methoden der multikriteriellen Entscheidungsunterstützung - Methode: PROMETHEE},
  year     = {2014},
  url      = {https://bit.ly/2KwKVBe},
  comment  = {https://www.uni-goettingen.de/de/document/download/285813337d59201d34806cfc48dae518.pdf/MCDA-Leitfaden-PROMETHEE.pdf},
  keywords = {internet},
}

@Article{Stamelos2000,
  author  = {I. Stamelos and I. Vlahavas and I. Refanidis and A. Tsoukiàs},
  title   = {Knowledge based evaluation of software systems: a case study},
  journal = {Information and Software Technology},
  year    = {2000},
  volume  = {42},
  pages   = {333-345},
  issn    = {0950-5849},
  doi     = {10.1016/s0950-5849(99)00093-2},
}

@Article{Saaty1990,
  author  = {Thomas L. Saaty},
  title   = {How to make a decision: The analytic hierarchy process},
  journal = {European Journal of Operational Research},
  year    = {1990},
  volume  = {48},
  pages   = {9-26},
  issn    = {0377-2217},
  doi     = {10.1016/0377-2217(90)90057-i},
}

@Article{Lai2002,
  author  = {Vincent S. Lai and Bo K. Wong and Waiman Cheung},
  title   = {Group decision making in a multiple criteria environment: A case using the AHP in software selection},
  journal = {European Journal of Operational Research},
  year    = {2002},
  volume  = {137},
  pages   = {134-144},
  issn    = {0377-2217},
  doi     = {10.1016/s0377-2217(01)00084-4},
}

@Article{Byun2001,
  author    = {Dae-Ho Byun},
  title     = {The AHP approach for selecting an automobile purchase model},
  journal   = {Information {\&} Management},
  year      = {2001},
  volume    = {38},
  number    = {5},
  month     = {apr},
  pages     = {289-297},
  issn      = {0378-7206},
  doi       = {10.1016/s0378-7206(00)00071-9},
  publisher = {Elsevier {BV}},
}

@Article{Tam2001,
  author  = {Maggie C. Y. Tam and V. M. Rao Tummala},
  title   = {An application of the AHP in vendor selection of a telecommunications system},
  journal = {Omega},
  year    = {2001},
  volume  = {29},
  pages   = {171-182},
  issn    = {0305-0483},
  doi     = {10.1016/s0305-0483(00)00039-6},
}

@Online{Putzhammer2015,
  author   = {Putzhammer, C.},
  title    = {Nutzwertanalyse},
  year     = {2015},
  url      = {https://www.controlling-wiki.com/de/index.php/Nutzwertanalyse},
  urldate  = {2018-08-06},
  keywords = {internet},
}

@Online{Windolph2015,
  author   = {Windolph, A.},
  title    = {Fundierte Entscheidungen treffen mit der Nutzwertanalyse},
  year     = {2015},
  url      = {https://projekte-leicht-gemacht.de/blog/pm-methoden-erklaert/nutzwertanalyse/},
  urldate  = {2018-08-06},
  keywords = {internet},
}

@Article{Webster2002,
  author     = {Webster, Jane and Watson, Richard T.},
  title      = {Analyzing the past to prepare for the future: Writing a literature review},
  journal    = {MIS Quarterly},
  year       = {2002},
  volume     = {26},
  number     = {2},
  pages      = {xiii--xxiii},
  issn       = {0276-7783},
  acmid      = {2017162},
  address    = {Minneapolis, MN, USA},
  comment    = {http://dl.acm.org/citation.cfm?id=2017160.2017162},
  issue_date = {June 2002},
  publisher  = {Society for Information Management and The Management Information Systems Research Center},
}

@Online{Scimago2004,
  author   = {Scimago},
  title    = {Scimago Journal and Country Rank},
  year     = {2004},
  url      = {https://www.scimagojr.com/},
  urldate  = {2018-08-06},
  keywords = {internet},
}

@Online{VHB2015,
  editor   = {{Verband der Hochschullehrer für Betriebswirtschaft}},
  title    = {VHB Jourqual 3},
  year     = {2015},
  url      = {https://vhbonline.org/vhb4you/jourqual/vhb-jourqual-3/},
  urldate  = {2018-08-05},
  keywords = {internet},
}

@Online{Els2016,
  author   = {Danie Els and Simon Fear},
  title    = {booktabs – Publication quality tables in \LaTeX},
  year     = {2016},
  url      = {https://ctan.org/pkg/booktabs?lang=de},
  urldate  = {2018-08-07},
  keywords = {internet},
}

@Book{Goossens1995,
  author        = {Michel Goossens and Frank Mittelbach and Alexander Samarin},
  title         = {Der LATEX-Begleiter},
  year          = {1995},
  publisher     = {Addison-Wesley},
  isbn          = {3-89319-646-3},
  __markedentry = {[rvs:]},
}

@Online{Markus2016,
  author   = {Markus V},
  title    = {Vorlage für Abschlussarbeiten, HTWK Leipzig},
  year     = {2016},
  url      = {https://golatex.de/vorlage-fuer-abschlussarbeiten-htwk-leipzig-t18498.html},
  urldate  = {2018-08-07},
  keywords = {internet},
}

@Book{Glaeser2010,
  author    = {Gläser, Jochen and Laudel, Grit},
  title     = {Experteninterviews und qualitative Inhaltsanalyse},
  year      = {2010},
  edition   = {3},
  publisher = {Springer-Verlag},
  isbn      = {3531172387},
  doi       = {10.1007/978-3-531-91538-8},
  type      = {Book},
}

@InCollection{Mayring1994,
  author    = {Mayring, Philipp},
  title     = {Qualitative Inhaltsanalyse},
  year      = {1994},
  editor    = {Boehm, Andreas and Mengel, Andreas and Muhr, Thomas},
  volume    = {14},
  publisher = {UVK Univ.-Verl. Konstanz},
  isbn      = {3-87940-503-4},
  pages     = {159-175},
  doi       = {10.1007/978-3-531-92052-8_42},
  abstract  = {Der Verfasser arbeitet zunächst die Grundgedanken eines inhaltsanalytischen Arbeitens mit Texten heraus. Er gibt einen Überblick über die Geschichte der Inhaltsanalyse als systematisches, regelgeleitetes Vorgehen, grenzt Grundbegriffe ab und stellt Verfahren der Inhaltsanalyse vor. Im folgenden werden drei Grundtechniken qualitativer Inhaltsanalyse beschrieben, die auf Grundformen des Interpretierens beruhen: die zusammenfassende qualitative Inhaltsanalyse (Abstraktion), die explizierende qualitative Inhaltsanalyse (unter Einbeziehung zusätzlichen Materials) und die strukturierende qualitative Inhaltsanalyse. Die qualitative Inhaltsanalyse wird sodann in den Kontext anderer textanalytischer Verfahren eingeordnet. Abschließend werden auf Möglichkeiten der Computerunterstützung bei der qualitativen Inhaltsanalyse hingewiesen. (ICE2)},
  urn       = {http://nbn-resolving.de/urn:nbn:de:0168-ssoar-14565},
}

@Book{Mieg2006,
  author    = {Mieg, Harald and Näf, Matthias},
  title     = {Experteninterviews in den Umwelt-und Planungswissenschaften: eine Einführung und Anleitung},
  year      = {2006},
  subtitle  = {Eine rechtssoziologische und -theoretische Normenanalyse},
  volume    = {2. Auflage},
  publisher = {Pabst Science Publ.},
  isbn      = {3899673433},
  doi       = {10.5771/9783845290720},
  type      = {Book},
}

@InCollection{Mayring2010,
  author    = {Philipp Mayring},
  title     = {Qualitative Inhaltsanalyse},
  booktitle = {Handbuch Qualitative Forschung in der Psychologie},
  year      = {2010},
  publisher = {{VS} Verlag für Sozialwissenschaften},
  pages     = {601--613},
  doi       = {10.1007/978-3-531-92052-8_42},
}

@Article{Hevner2007,
  author  = {Hevner, Alan R},
  title   = {A Three Cycle View of Design Science Research},
  journal = {Scandinavian Journal of Information Systems},
  year    = {2007},
  volume  = {19},
  number  = {2},
  pages   = {4},
  doi     = {10.1201/b16768-27},
  type    = {Journal Article},
}

@Article{Hevneretal2004,
  author  = {Hevner, Alan R and March, Salvatore T and Park, Jinsoo and Ram, Sudha},
  title   = {Design science in information systems research},
  journal = {MIS Quarterly},
  year    = {2004},
  volume  = {28},
  number  = {1},
  pages   = {75-105},
  issn    = {0276-7783},
  doi     = {10.2307/25148625},
  type    = {Journal Article},
}

@Article{Iivari2007,
  author  = {Iivari, Juhani},
  title   = {A paradigmatic analysis of information systems as a design science},
  journal = {Scandinavian journal of information systems},
  year    = {2007},
  volume  = {19},
  number  = {2},
  pages   = {5},
  issn    = {1571-0270},
  doi     = {10.1007/978-1-4419-5653-8_5},
  type    = {Journal Article},
}

@Online{Macke2009,
  author   = {Stefan Macke},
  title    = {\LaTeX{} Vorlage Masterarbeit},
  year     = {2009},
  url      = {https://github.com/StefanMacke/latex-vorlage-masterarbeit},
  urldate  = {2018-08-10},
  keywords = {internet},
}

@Online{Daniel2018,
  author   = {Marco Daniel and Patrick Gundlach and Walter Schmidt and Jörg Knappen and Hubert Partl and Irene Hyna},
  title    = {\LaTeXe{}-Kurzbeschreibung},
  date     = {2018-04-08},
  url      = {https://www.dante.de/CTAN/info/lshort/german/l2kurz.pdf},
  urldate  = {2018-08-10},
  file     = {:Daniel2018 - Kurzbeschreibung.pdf:PDF},
  keywords = {internet},
}

@Thesis{Riedel2018,
  author      = {Pascal Riedel},
  title       = {Aufbau einer Cloud-basierten Advanced Analytics Anwendung zur optimierten Behandlung der Schadensfälle von Busfahrzeugen bei einem Omnibushersteller},
  type        = {Bachelorarbeit},
  institution = {Hochschule Ulm},
  year        = {2018},
}

@Thesis{Oezen2018,
  author      = {Mehmet Özen},
  title       = {Toolauswahl für eine unternehmensweite Datenanalyseplattform in der Luftfahrtindustrie},
  type        = {Bachelorarbeit},
  institution = {Hochschule Ulm},
  year        = {2018},
}

@Online{Epllus2013,
  author   = {Epllus},
  title    = {Biblatex authoryear modifizieren zu Harvard Style},
  year     = {2013},
  url      = {https://golatex.de/biblatex-authoryear-modifizieren-zu-harvard-style-t11254.html},
  urldate  = {2018-08-11},
  keywords = {internet},
}

@Online{Hoelting2018,
  author   = {Guido Hölting},
  title    = {Urheberrecht \& Richtiges Zitieren},
  year     = {2018},
  url      = {https://bit.ly/2LcOBbR},
  urldate  = {2018-08-11},
  comment  = {https://www.uni-ulm.de/einrichtungen/kiz/service-katalog/wid/publikationsmanagement/urheberrecht-richtig-zitieren/},
  keywords = {internet},
}

@Online{Wikipedia2010,
  editor   = {Wikipedia},
  title    = {Autor-Jahr-Zitierweise},
  year     = {2010},
  url      = {https://de.wikipedia.org/wiki/Autor-Jahr-Zitierweise},
  urldate  = {2018-08-11},
  keywords = {internet},
}

@Online{Partosch2015,
  author   = {Günter Partosch},
  title    = {Spezielle Verzeichnisse (Glossar, Abkürzungsverzeichnis, Symbolverzeichnis) in \LaTeX{} mit \texttt{glossaries} und \texttt{makeglossaries}},
  year     = {2015},
  url      = {https://bit.ly/2MH6tQH},
  urldate  = {2018-08-11},
  comment  = {https://www.dante.de/events/dante2015/Programm/vortraege/vortrage-partosch.pdf},
  keywords = {internet},
}

@Online{Partosch2011,
  author   = {Günter Partosch},
  title    = {Tutorium: Online-Recherchen, \LaTeX{} und Bib\TeX{}},
  year     = {2011},
  url      = {https://bit.ly/2PqU6XK},
  urldate  = {2018-08-11},
  comment  = {https://www.dante.de/events/Archiv/dante2011/programm/tutorien/folien-gp.pdf},
  keywords = {internet},
}

@Online{Wikipedia2017,
  editor   = {Wikipedia},
  title    = {Digital Object Identifier},
  year     = {2017},
  url      = {https://de.wikipedia.org/wiki/Digital_Object_Identifier},
  urldate  = {2018-08-11},
  keywords = {internet},
}

@Online{Pospiech2011,
  author   = {Matthias Pospiech},
  title    = {Bibliographien mit \LaTeX{}},
  year     = {2011},
  url      = {https://bit.ly/2w3teVu},
  subtitle = {mit Zitaten im Nummern-Stil},
  urldate  = {2018-08-12},
  comment  = {http://www.matthiaspospiech.de/files/latex/vortrag/VortragBibtexBiblatexBiber.pdf},
  keywords = {internet},
}

@Online{Frank2017,
  author   = {Sascha Frank},
  title    = {\LaTeX{}-Kurs Literaturverzeichnisse},
  year     = {2017},
  url      = {https://www.latex-kurs.de/kurse/kurse.html},
  urldate  = {2018-08-12},
  keywords = {internet},
}

@Online{Wikibooks2018,
  editor   = {Wikibooks},
  title    = {\LaTeX{}},
  year     = {2018},
  url      = {https://en.wikibooks.org/wiki/LaTeX},
  urldate  = {2018-08-13},
  file     = {:Wikibooks2018 -.pdf:PDF},
  keywords = {internet},
}

@Online{Gitter2018,
  author   = {Alfred H Gitter},
  title    = {\LaTeX{} (opus imperfectum)},
  year     = {2018},
  url      = {http://web.eah-jena.de/~gitter/ahg_latex.pdf},
  urldate  = {2018-08-13},
  file     = {:Gitter2018 - (opus Imperfectum).pdf:PDF},
  keywords = {internet},
}

@Thesis{Walcher2014,
  author      = {Carolin Walcher},
  title       = {Python für die Analyse von Big Data},
  type        = {Masterarbeit},
  institution = {Hochschule Ulm},
  year        = {2014},
  subtitle    = {Sammeln, Auswerten und Visualisieren großer Datenmengen am Beispiel Energiewende},
}

@Manual{InstitutWirtschaftswissenschaften2016,
  editor    = {{Institut für Wirtschaftswissenschaften}},
  title     = {Richtlinien zur Erstellung einer wissenschaftlichen Arbeit},
  year      = {2016},
  publisher = {Uni Ulm},
  urldate   = {2018-08-20},
  keywords  = {internet},
}

@Report{Chapman1999,
  author   = {Pete Chapman and Julian Clinton and Randy Kerber and Thomas Khabaza and Thomas Reinartz and Colin Shearer and Rüdiger Wirth},
  title    = {CRISP-DM 1.0},
  year     = {1999},
  subtitle = {Step-by-step data mining guide},
  url      = {https://bit.ly/2wlfWTU},
  urldate  = {2018-08-20},
  comment  = {https://web.archive.org/web/20090521070053/http://www.crisp-dm.org:80/CRISPWP-0800.pdf},
  keywords = {internet},
}

@Electronic{Microsoft2018,
  editor   = {Microsoft},
  title    = {Nutzen des Team Data Science-Prozesses mit Azure Machine Learning},
  year     = {2018},
  url      = {https://bit.ly/2Ps4f6s},
  urldate  = {2018-08-20},
  comment  = {https://azure.microsoft.com/de-de/documentation/learning-paths/data-science-process/},
  keywords = {internet},
}

@Comment{jabref-meta: databaseType:biblatex;}
